@article{venturelli:15,
  title={Quantum annealing implementation of job-shop scheduling},
  author={Venturelli, Davide and Marchand, Dominic JJ and Rojo, Galo},
  journal={arXiv preprint arXiv:1506.08479},
  year={2015}
}

@article{rieffel:15,
  title={A case study in programming a quantum annealer for hard operational planning problems},
  author={Rieffel, Eleanor G and Venturelli, Davide and O'Gorman, Bryan and Do, Minh B and Prystay, Elicia M and Smelyanskiy, Vadim N},
  journal={Quantum Information Processing},
  volume={14},
  number={1},
  pages={1--36},
  year={2015},
  publisher={Springer}
}