@article{rodionova16,
    title={Deconflicting Wind-Optimal Aircraft Trajectories in North Atlantic Oceanic Airspace},
    author={Rodionova, O. and Delahaye, D. and Sridhar, B. and Ng., H.K.},
    journal={Proceedings of Advanced Aircraft Efficiency in a Global Air Transport System (AEGATS'16) Conference}, 
    venue={Paris, France},
    year={2016}
}
